<record><leader>00000cas a22000007a 4500</leader><controlfield tag="001">32256731</controlfield><controlfield tag="008">950405d186u18uuaruuu ne      0    0eng d</controlfield><datafield ind1=" " ind2=" " tag="010"><subfield code="a">sn 95068531 </subfield></datafield><datafield ind1=" " ind2=" " tag="040"><subfield code="a">MGN</subfield><subfield code="b">eng</subfield><subfield code="c">MGN</subfield><subfield code="d">OCLCQ</subfield></datafield><datafield ind1=" " ind2=" " tag="042"><subfield code="a">msc</subfield></datafield><datafield ind1="0" ind2="0" tag="245"><subfield code="a">Times &amp; herald bulletin.</subfield></datafield><datafield ind1="3" ind2="0" tag="246"><subfield code="a">Times and herald bulletin</subfield></datafield><datafield ind1=" " ind2=" " tag="260"><subfield code="a">Fort Smith [Ark. :</subfield><subfield code="b">s.n.]</subfield></datafield><datafield ind1=" " ind2=" " tag="300"><subfield code="a">v.</subfield></datafield><datafield ind1=" " ind2=" " tag="500"><subfield code="a">Crandall:5193.</subfield></datafield><datafield ind1=" " ind2=" " tag="588"><subfield code="a">Description based on: May 20, 1863.</subfield></datafield><datafield ind1=" " ind2=" " tag="752"><subfield code="a">United States</subfield><subfield code="b">Arkansas</subfield><subfield code="c">Sebastian</subfield><subfield code="d">Fort Smith.</subfield></datafield><datafield ind1="0" ind2="4" tag="780"><subfield code="a">Fort Smith bulletin</subfield><subfield code="w">(DLC)sn 88051129</subfield></datafield><datafield ind1="0" ind2="4" tag="780"><subfield code="t">Weekly times and herald</subfield></datafield></record>